<?xml version="1.0" encoding="UTF-8"?><collection xmlns="http://www.loc.gov/MARC21/slim"><record><leader>00425nam--2200157-i-4500</leader><controlfield tag="001">000014959</controlfield><controlfield tag="002">20161230</controlfield><controlfield tag="005">20170224010238</controlfield><controlfield tag="008">060222s1000------------r-----000-0-eng-d</controlfield><datafield ind1=" " ind2=" " tag="100"><subfield code="a">Braddick, H. J. J</subfield></datafield><datafield ind1=" " ind2=" " tag="245"><subfield code="a">Die physik des experimentallen arbeitens</subfield></datafield><datafield ind1=" " ind2=" " tag="260"><subfield code="a">Berlin</subfield><subfield code="b">Veb Deutscher Verlag Der Wiss</subfield><subfield code="c">1959</subfield></datafield><datafield ind1=" " ind2=" " tag="300"><subfield code="a">384 p</subfield></datafield><datafield ind1=" " ind2=" " tag="490"><subfield code="a">Hochschulbucher Fur Physik</subfield></datafield><datafield ind1=" " ind2=" " tag="852"><subfield code="a">53.08</subfield></datafield><datafield ind1=" " ind2=" " tag="CAT"><subfield code="a">SYS</subfield><subfield code="c">20170224</subfield><subfield code="h">010238</subfield></datafield></record></collection>